@article{DeBoever07,
author = {De Boever, Jorn},
year = {2007},
month = {01},
pages = {},
title = {Peer-to-Peer Networks as a Distribution and Publishing Model},
booktitle = {ELPUB2007. Openness in Digital Publishing: Awareness, Discovery and Access - Proceedings of the 11th International Conference on Electronic Publishing held in Vienna, Austria 13-15 June 2007 / Edited by: Leslie Chan and Bob Martens. ISBN 978-3-85437-292-9, 2007, pp. 175-188}
}

@book{Tanenbaum,
 author = {Wetherall, David J. and Tanenbaum, Andrew S.},
 title = {Computer Networks},
 year = {2013},
 isbn = {1292024224, 9781292024226},
 publisher = {Pearson Education}
} 

@book{Shen:2009,
 author = {Shen, Xuemin and Yu, Heather and Buford, John and Akon, Mursalin},
 title = {Handbook of Peer-to-Peer Networking},
 year = {2009},
 isbn = {0387097503, 9780387097503},
 edition = {1st},
 publisher = {Springer Publishing Company, Incorporated}
} 

@inproceedings{Prasanna_Ganesan_2004,
	doi = {10.1109/icdcs.2004.1281591},
	url = {https://doi.org/10.1109%2Ficdcs.2004.1281591},
	year = 2004,
	publisher = {{IEEE}},
	author = {Prasanna Ganesan and  Krishna Gummadi and H. Garcia-Molina},
	title = {Canon in G major: designing {DHTs} with hierarchical structure},
	booktitle = {24th International Conference on Distributed Computing Systems, 2004. Proceedings.}
}

@incollection{Clarke_2001,
	doi = {10.1007/3-540-44702-4_4},
	url = {https://doi.org/10.1007%2F3-540-44702-4_4},
	year = 2001,
	publisher = {Springer Berlin Heidelberg},
	pages = {46--66},
	author = {Ian Clarke and Oskar Sandberg and Brandon Wiley and Theodore W. Hong},
	title = {Freenet: A Distributed Anonymous Information Storage and Retrieval System},
	booktitle = {Designing Privacy Enhancing Technologies}
}

@article{Gnutella,
author = {Bordignon, Fernando and Tolosa, Gabriel},
year = {2001},
month = {08},
pages = {},
title = {Gnutella: Distributed System for Information Storage and Searching Model Description}
}

@misc{FastTrack,
  title = {FastTrack Opis},
  howpublished = {\url{http://ntrg.cs.tcd.ie/undergrad/4ba2.02/p2p/index.html}}
}

@article{kazaa,
author = {Liang, Jian and Kumar, Rakesh and W Ross, Keith},
year = {2004},
month = {10},
pages = {},
title = {The kazaa overlay: A measurement study}
}

@misc{Bittorent,
  title = {Bittorent Opis},
  howpublished = {\url{http://www.bittorrent.com/}}
}

@article{Zhao_2004,
	doi = {10.1109/jsac.2003.818784},
	url = {https://doi.org/10.1109%2Fjsac.2003.818784},
	year = 2004,
	month = {jan},
	publisher = {Institute of Electrical and Electronics Engineers ({IEEE})},
	volume = {22},
	number = {1},
	pages = {41--53},
	author = {B.Y. Zhao and L. Huang and J. Stribling and S.C. Rhea and A.D. Joseph and J.D. Kubiatowicz},
	title = {Tapestry: A Resilient Global-Scale Overlay for Service Deployment},
	journal = {{IEEE} Journal on Selected Areas in Communications}
}

@article{Stoica_2003,
	doi = {10.1109/tnet.2002.808407},
	url = {https://doi.org/10.1109%2Ftnet.2002.808407},
	year = 2003,
	month = {feb},
	publisher = {Institute of Electrical and Electronics Engineers ({IEEE})},
	volume = {11},
	number = {1},
	pages = {17--32},
	author = {I. Stoica and R. Morris and D. Liben-Nowell and D.R. Karger and M.F. Kaashoek and F. Dabek and H. Balakrishnan},
	title = {Chord: a scalable peer-to-peer lookup protocol for internet applications},
	journal = {{IEEE}/{ACM} Transactions on Networking}
}

@incollection{Rowstron_2001,
	doi = {10.1007/3-540-45518-3_18},
	url = {https://doi.org/10.1007%2F3-540-45518-3_18},
	year = 2001,
	publisher = {Springer Berlin Heidelberg},
	pages = {329--350},
	author = {Antony Rowstron and Peter Druschel},
	title = {Pastry: Scalable, Decentralized Object Location, and Routing for Large-Scale Peer-to-Peer Systems},
	booktitle = {Middleware 2001}
}

@incollection{Maymounkov_2002,
	doi = {10.1007/3-540-45748-8_5},
	url = {https://doi.org/10.1007%2F3-540-45748-8_5},
	year = 2002,
	publisher = {Springer Berlin Heidelberg},
	pages = {53--65},
	author = {Petar Maymounkov and David Mazi{\`{e}}res},
	title = {Kademlia: A Peer-to-Peer Information System Based on the {XOR} Metric},
	booktitle = {Peer-to-Peer Systems}
}

@article{Aberer_2004,
	doi = {10.1109/tkde.2004.1318567},
	url = {https://doi.org/10.1109%2Ftkde.2004.1318567},
	year = 2004,
	month = {jul},
	publisher = {Institute of Electrical and Electronics Engineers ({IEEE})},
	volume = {16},
	number = {07},
	pages = {858--869},
	author = {K. Aberer and A. Datta and M. Hauswirth},
	title = {Efficient, Self-Contained Handling of Identity in Peer-to-Peer Systems},
	journal = {{IEEE} Transactions on Knowledge and Data Engineering}
}

@misc{I2P,
  title = {I2P Dokumentacija},
  howpublished = {\url{https://geti2p.net/en/docs}}
}

@article{INTERNAP,
 title = {INTERNAP The next big wave in convergence – Building the right foundation for Internet TV},
 journal = {J. Exp. Algorithmics},
 month = May,
 year = {2010},
 url = {www.internap.com}
}

@book{Moore,
	author = {Robert R. Schaller},
	title = {Moore’s law: Past, present, and future},
	publisher = {IEEE Spectr.,34(6):52–59},
	year = {1997}
}

@book{Beggs:1999,
 author = {Beggs, Josh and Thede, Dylan},
 editor = {Koman, Richard},
 title = {Designing Web Audio},
 year = {1999},
 isbn = {1565923537},
 edition = {1st},
 publisher = {O'Reilly \& Associates, Inc.},
 address = {Sebastopol, CA, USA}
}

@article{Telecom,
 title = {Telecom, ATIS Telecom   Glossary 2007},
 journal = {American   National   Standard   for   Telecommunications},
 month = June,
 year = {2010},
 url = {http://www.atis.org}
}

@article{Deering:1990,
 author = {Deering, Stephen E. and Cheriton, David R.},
 title = {Multicast Routing in Datagram Internetworks and Extended LANs},
 journal = {ACM Trans. Comput. Syst.},
 issue_date = {May 1990},
 volume = {8},
 number = {2},
 month = may,
 year = {1990},
 issn = {0734-2071},
 pages = {85--110},
 numpages = {26},
 url = {http://doi.acm.org/10.1145/78952.78953},
 doi = {10.1145/78952.78953},
 acmid = {78953},
 publisher = {ACM},
 address = {New York, NY, USA}
} 


@article{GuSh:243,
author = {Gurevich, Yuri and Shelah, Saharon},
ams-subject = {(05C80)},
fromwhere = {1,IL},
journal = {SIAM Journal on Computing},
review = {MR 88i:05162},
pages = {486--502},
title = {{Expected computation time for Hamiltonian path problem}},
volume = {16},
year = {1987},
language = {english},
hyphenation = {english}
}

@article{Zhang:2012:SPL:2365364.2365643,
 author = {Zhang, Xiangyang and Hassanein, Hossam},
 title = {A Survey of Peer-to-peer Live Video Streaming Schemes - An Algorithmic Perspective},
 journal = {Comput. Netw.},
 issue_date = {October, 2012},
 volume = {56},
 number = {15},
 month = oct,
 year = {2012},
 issn = {1389-1286},
 pages = {3548--3579},
 numpages = {32},
 url = {http://dx.doi.org/10.1016/j.comnet.2012.06.013},
 doi = {10.1016/j.comnet.2012.06.013},
 acmid = {2365643},
 publisher = {Elsevier North-Holland, Inc.},
 address = {New York, NY, USA},
 keywords = {Algorithm, Live video streaming, Peer-to-Peer network}
} 

@misc{cohenP2P,
  title={Peer-to-Peer live streaming},
  author={Bram Cohen},
  url={https://patents.google.com/patent/US20150326657},
  year={2011},
  month=may # "~2",
  publisher={Google Patents},
  note={US Patent 4/801,778}
}

@misc{Java,
  title = {Java Opis},
  howpublished = {\url{http://www.java.com}},
  year={2018}
}

@misc{Eclipse,
  title = {Eclipse Opis},
  howpublished = {\url{https://www.eclipse.org/}},
  year={2018}
}

@misc{Maven,
  title = {Apache Maven Opis},
  howpublished = {\url{https://maven.apache.org}},
  year={2018}
}

@misc{Tomcat,
  title = {Apache Tomcat Opis},
  howpublished = {\url{http://tomcat.apache.org/}},
  year={2018}
}

@misc{Mysql,
  title = {Mysql Opis},
  howpublished = {\url{https://dev.mysql.com/}},
  year={2018}
}

@misc{Spring,
  title = {Spring Opis},
  howpublished = {\url{https://spring.io/}},
  year={2018}
}

@misc{CommonsNet,
  title = {Apache Commons Net Opis},
  howpublished = {\url{https://commons.apache.org/proper/commons-net/}},
  year={2018}
}


@misc{Junit,
  title = {Junit Opis},
  howpublished = {\url{https://junit.org/junit5/}},
  year={2018}
}


@misc{Mockito,
  title = {Mockito Opis},
  howpublished = {\url{https://site.mockito.org/}},
  year={2018}
}


@misc{Gson,
  title = {Gson Opis},
  howpublished = {\url{https://github.com/google/gson}},
  year={2018}
}


@misc{Quartz,
  title = {Quartz Opis},
  howpublished = {\url{https://qz.com/}},
  year={2018}
}


@misc{ProtocolBuffers,
  title = {Protocol buffers Opis},
  howpublished = {\url{https://developers.google.com/protocol-buffers/}},
  year={2018}
}


@misc{VLC,
  title = {VLC Opis},
  howpublished = {\url{https://www.videolan.org/vlc/}},
  year={2018}
}

@misc{VLCJ,
  title = {VLCJ Opis},
  howpublished = {\url{https://github.com/caprica/vlcj}},
  year={2018}
}

@misc{Hibernate,
  title = {Hibernate Opis},
  howpublished = {\url{https://hibernate.org/orm/documentation/5.3/}},
  year={2018}
}

@misc{Jackson,
  title = {Jackson Opis},
  howpublished = {\url{https://github.com/FasterXML/jackson}},
  year={2018}
}

@misc{JSTL,
  title = {JSTL Opis},
  howpublished = {\url{https://docs.oracle.com/javaee/5/jstl/1.1/docs/tlddocs/}},
  year={2018}
}

@misc{Bootstrap,
  title = {Bootstrap Opis},
  howpublished = {\url{https://getbootstrap.com/docs/4.1/getting-started/introduction/}},
  year={2018}
}

@misc{JQuery,
  title = {JQuery Opis},
  howpublished = {\url{https://api.jquery.com/}},
  year={2018}
}